@misc{safra,
  title={Termination Detection},
  author={Xavier Defago},
  year={2021},
  pages={28-33}
}
@misc{tarry,
  title={Definitions \& Network Traversals},
  author={Xavier Defago},
  year={2021},
  pages={70-82}
}
@book{raynal2013distributed,
  title={Distributed algorithms for message-passing systems},
  author={Raynal, Michel},
  year={2013},
  publisher={Springer}
}
